@article{zhang2024evolution,
    author  = {Zhang, Pu and Zhang, Hao and Kong*, Feng},
    title   = {Study on the Evolution of Online Public Opinion and Government Response Strategies for the {``7--20''} extraordinary rainstorm and flooding disaster in {Zhengzhou}, {China}},
    journal = {Natural Hazards},
    year    = {2024},
    doi     = {10.1007/s11069-024-06904-7},
    note    = {SCI Q2, IF: 3.7}
}

@article{zhang2024research,
    author  = {Zhang, Pu and Zhang, Hao and Kong*, Feng},
    title   = {Research on online public opinion in the investigation of the {``7--20''} extraordinary rainstorm and flooding disaster in {Zhengzhou}, {China}},
    journal = {International Journal of Disaster Risk Reduction},
    volume  = {105},
    pages   = {104422},
    year    = {2024},
    doi     = {10.1016/j.ijdrr.2024.104422},
    note    = {SCI Q1, IF: 5.0}
}

@article{zhang2023study,
    author  = {Zhang, Pu and Zhang, Hao and Kong*, Feng and Kong, Yulong},
    title   = {A study on public opinion characteristics of rainstorm flooding disasters based on {Sina Weibo} data: take the three rainstorm flooding disasters in {China} in 2021 as an example},
    journal = {Water Resources And Hydropower Engineering},
    volume  = {54},
    number  = {2},
    pages   = {47--59},
    year    = {2023},
    doi     = {10.13928/j.cnki.wrahe.2023.02.005},
    note    = {In Chinese}
}

@inproceedings{zhang2024shorts,
    author    = {Zhang, Pu and Xu*, Corey Kewei},
    title     = {How effective is the {Shorts} Transformation of Traditional Media? {An} analysis from the perspective of user-generated content},
    booktitle = {ChineseCSCW 2024},
    year      = {2024},
    note      = {Conference Article, In Press}
}
